<record><leader>00000cas a22000007a 4500</leader><controlfield tag="001">9886412</controlfield><controlfield tag="008">830908d18261831nyuwr ne      0    0eng d</controlfield><controlfield tag="009">3781</controlfield><datafield ind1=" " ind2=" " tag="010"><subfield code="a">sn 83031480 </subfield></datafield><datafield ind1=" " ind2=" " tag="040"><subfield code="a">NPU</subfield><subfield code="b">eng</subfield><subfield code="c">NPU</subfield><subfield code="d">NPX</subfield><subfield code="d">DLC</subfield><subfield code="d">NYS</subfield><subfield code="d">CNK</subfield><subfield code="d">NYS</subfield><subfield code="d">OCL</subfield><subfield code="d">KRTAS</subfield><subfield code="d">OCLCF</subfield><subfield code="d">OCLCO</subfield></datafield><datafield ind1="1" ind2=" " tag="029"><subfield code="a">AU@</subfield><subfield code="b">000020127595</subfield></datafield><datafield ind1=" " ind2=" " tag="042"><subfield code="a">msc</subfield></datafield><datafield ind1="0" ind2="0" tag="050"><subfield code="a">Newspaper 8829-X</subfield></datafield><datafield ind1="0" ind2="0" tag="245"><subfield code="a">Chenango Republican, or, Oxford gazette and people's advocate.</subfield></datafield><datafield ind1="1" ind2="3" tag="246"><subfield code="a">Oxford gazette and people's advocate</subfield></datafield><datafield ind1="1" ind2="7" tag="246"><subfield code="a">Chenango Republican</subfield></datafield><datafield ind1=" " ind2=" " tag="260"><subfield code="a">Oxford, N.Y. :</subfield><subfield code="b">William G. Hyer,</subfield></datafield><datafield ind1=" " ind2=" " tag="300"><subfield code="a">v. :</subfield><subfield code="b">ill. (chiefly advertisements) ;</subfield><subfield code="c">48-54 cm.</subfield></datafield><datafield ind1=" " ind2=" " tag="310"><subfield code="a">Weekly</subfield></datafield><datafield ind1="0" ind2=" " tag="362"><subfield code="a">Vol. 1, no. 1 (July 1, 1826)-</subfield></datafield><datafield ind1="1" ind2=" " tag="362"><subfield code="a">Ceased in 1831?</subfield><subfield code="z">Cf. Faibisoff, S.G.  Bibl. of newspapers in 14 N.Y. counties.</subfield></datafield><datafield ind1=" " ind2=" " tag="500"><subfield code="a">Published every Wednesday.</subfield></datafield><datafield ind1=" " ind2=" " tag="500"><subfield code="a">Publishers: William G. Hyer, 1826; Benjamin Cory, 1826-1828; Daniel Mack &amp; William E. Chapman, 1829-1830; Daniel Mack, 1830-&lt;1831&gt;.</subfield></datafield><datafield ind1=" " ind2=" " tag="515"><subfield code="a">Numbering is irregular.</subfield></datafield><datafield ind1=" " ind2="0" tag="651"><subfield code="a">Oxford (Chenango County, N.Y.)</subfield><subfield code="v">Newspapers.</subfield></datafield><datafield ind1=" " ind2="0" tag="651"><subfield code="a">Chenango County (N.Y.)</subfield><subfield code="v">Newspapers.</subfield></datafield><datafield ind1=" " ind2="7" tag="655"><subfield code="a">Newspapers.</subfield><subfield code="2">fast</subfield><subfield code="0">(OCoLC)fst01423814</subfield></datafield><datafield ind1=" " ind2="7" tag="651"><subfield code="a">New York (State)</subfield><subfield code="z">Chenango County.</subfield><subfield code="2">fast</subfield><subfield code="0">(OCoLC)fst01219273</subfield></datafield><datafield ind1=" " ind2="7" tag="651"><subfield code="a">New York (State)</subfield><subfield code="z">Oxford (Chenango County)</subfield><subfield code="2">fast</subfield><subfield code="0">(OCoLC)fst01313592</subfield></datafield><datafield ind1=" " ind2=" " tag="752"><subfield code="a">United States</subfield><subfield code="b">New York</subfield><subfield code="c">Chenango</subfield><subfield code="d">Oxford.</subfield></datafield><datafield ind1="0" ind2="4" tag="780"><subfield code="t">Oxford gazette (Oxford, N.Y.)</subfield><subfield code="w">(DLC)sn 84035789</subfield></datafield><datafield ind1="0" ind2="4" tag="780"><subfield code="t">People's advocate (Norwich, N.Y.)</subfield><subfield code="w">(DLC)sn 85026912</subfield></datafield><datafield ind1="0" ind2="0" tag="785"><subfield code="t">Oxford Republican</subfield><subfield code="w">(DLC)sn 83031435</subfield></datafield><datafield ind1=" " ind2=" " tag="938"><subfield code="a">Kirtas Technologies, Inc.</subfield><subfield code="b">KRTS</subfield><subfield code="n">737423</subfield></datafield></record>